<?xml version="1.0" encoding="UTF-8"?><record xmlns="http://www.loc.gov/MARC21/slim" xmlns:cinclude="http://apache.org/cocoon/include/1.0" xmlns:zs="http://www.loc.gov/zing/srw/">
  <leader>00820cz  a2200169n  4500</leader>
  <controlfield tag="001">n 2003096130</controlfield>
  <controlfield tag="003">DLC</controlfield>
  <controlfield tag="005">20030212113118.0</controlfield>
  <controlfield tag="008">030212n| acannaabn          |a ana      </controlfield>
  <datafield tag="010" ind1=" " ind2=" ">
    <subfield code="a">n 2003096130</subfield>
  </datafield>
  <datafield tag="040" ind1=" " ind2=" ">
    <subfield code="a">DLC</subfield>
    <subfield code="b">eng</subfield>
    <subfield code="c">DLC</subfield>
  </datafield>
  <datafield tag="110" ind1="2" ind2=" ">
    <subfield code="a">Russkai︠a︡ shkola PR (Moscow, Russia)</subfield>
  </datafield>
  <datafield tag="410" ind1="2" ind2="0">
    <subfield code="a">Sovmestnyĭ obrazovatelʹnyĭ proekt "Russkai︠a︡ shkola PR" (Moscow, Russia)</subfield>
  </datafield>
  <datafield tag="410" ind1="2" ind2="0">
    <subfield code="a">Nezavisimyĭ institut politicheskikh tekhnologiĭ (Moscow, Russia).</subfield>
    <subfield code="b">Russkai︠a︡ shkola PR</subfield>
  </datafield>
  <datafield tag="410" ind1="2" ind2="0">
    <subfield code="a">Russkai︠a︡ shkola Public Relations (Moscow, Russia)</subfield>
  </datafield>
  <datafield tag="670" ind1=" " ind2=" ">
    <subfield code="a">Pravila okhoty na protestnyĭ ėlektorat, 2001:</subfield>
    <subfield code="b">83 ( Russkai︠a︡ shkola PR) p. 87 (Sovmestnyĭ obrazovatelʹnyĭ proekt "Russkai︠a︡ shkola PR"; sponsored by the NIPT)</subfield>
  </datafield>
  <datafield tag="670" ind1=" " ind2=" ">
    <subfield code="a">www.refer.ru/2059</subfield>
    <subfield code="b">(Russkai︠a︡ shkola Public Relations)</subfield>
  </datafield>
</record>